@ONLINE{latest,
    author = {Gregor Feierabend},
    title = {[prove] documentation},
    year = 2021,
    url = {https://github.com/g-regex/prove/blob/main/doc/doc.pdf},
    urldate = {2021-01-23}
}

@online{Tree,
    author = {{Wikipedia Contributors}},
    title = {Tree traversal - Wikipedia},
    year = 2021,
    url = {https://en.wikipedia.org/wiki/Tree_traversal#Pre-order_(NLR)},
    urldate = {2021-01-24}
}

@online{Extended,
    author = {{Wikipedia Contributors}},
    title = {Extended Backusâ€“Naur form - Wikipedia},
    year = 2021,
    url = {https://en.wikipedia.org/wiki/Extended_Backus%E2%80%93Naur_form},
    urldate = {2021-01-24}
}

@online{ISO,
    author = {{International Organization for Standardization}},
    title = {ISO/IEC 14977 :  1996(E)},
    year = 1996,
    url = {https://www.cl.cam.ac.uk/~mgk25/iso-14977.pdf},
    urldate = {2021-01-24}
}
